2034 2995
239 811 409 869 Aestate
433 834 514 866 anni
542 834 624 865 1880
647 833 796 865 Henrico
822 831 944 863 Iordau
967 831 1210 869 intercedente,
1243 830 1301 872 qui
1334 841 1372 861 eo
1408 834 1559 872 tempore
1584 829 1618 860 in
1643 828 1872 870 Theognideis

80 888 228 929 reliquiis
261 887 475 920 recensendis
508 889 692 928 occupatus
724 888 805 925 erat,
839 885 968 916 factum
1002 887 1062 922 est,
1096 887 1135 916 ut
1163 884 1268 915 codex
1294 882 1530 915 celeberrimus
1555 882 1634 913 olim
1658 880 1871 920 Mutinensis,

79 951 168 971 nunc
192 941 365 972 Parisinus
388 940 425 971 in
448 938 655 971 bibliotheca
679 938 843 969 nationali
869 940 1061 969 asservatus
1085 937 1262 980 (supplem.
1288 948 1338 977 gr.
1363 936 1446 974 388),
1479 934 1737 976 Regimontium
1761 933 1870 965 initte-

78 996 180 1033 retur,
203 993 262 1025 ubi
286 993 368 1025 mihi
391 991 548 1034 contigit,
581 994 618 1022 ut
651 994 685 1022 et
709 982 845 1022 Ooluffli
879 1001 1014 1021 carmen
1039 990 1171 1032 epicum
1196 989 1237 1021 de
1260 992 1361 1031 raptu
1384 988 1536 1019 Helenae
1561 991 1595 1019 et
1615 985 1873 1030 Ὁμηροκέντρων

78 1046 224 1077 frustula
257 1045 422 1088 quaedam
458 1049 492 1076 et
514 1043 673 1086 Dionysii
698 1042 917 1075 Alexandrini
952 1042 1145 1084 periegesin
1177 1046 1211 1074 et
1245 1041 1311 1073 alia
1344 1041 1470 1084 scripta
1504 1041 1538 1072 in
1564 1039 1770 1071 membranis
1794 1039 1873 1070 libri

79 1098 169 1129 illius
194 1098 394 1130 nitidissime
418 1097 552 1129 saeculo
576 1098 607 1128 X
632 1098 769 1128 exarata
793 1095 986 1136 relegerem.
1033 1095 1084 1127 De
1108 1095 1255 1127 maxima
1278 1098 1375 1138 parte
1400 1094 1570 1125 variarum
1594 1093 1665 1124 eius
1688 1092 1872 1123 lectionum

83 1151 118 1182 in
142 1162 238 1183 usum
262 1151 411 1183 virorum
436 1151 611 1182 doctorum
644 1153 716 1180 tum
742 1160 760 1179 a
784 1159 837 1179 me
862 1151 1074 1179 enotatarum
1100 1148 1166 1179 iam
1192 1147 1383 1179 accuratius
1408 1146 1523 1178 rettuli
1547 1146 1600 1186 (de
1625 1145 1770 1177 Oolutho
1795 1144 1872 1176 vide

80 1203 291 1235 Fleckeiseni
331 1204 455 1235 annall.
497 1203 578 1234 1881
615 1214 647 1245 p.
689 1201 748 1232 113
788 1212 869 1242 sqq,
909 1200 949 1232 de
984 1201 1338 1232 Homerocentonibus
1379 1201 1459 1231 Mus.
1500 1199 1656 1230 Rhenan.
1697 1197 1873 1229 XXXVII

80 1268 113 1299 p.
137 1257 200 1287 212
225 1267 306 1298 sqq.⁷
340 1256 381 1288 de
415 1255 577 1298 Dionysio
609 1256 730 1287 librum
764 1265 874 1285 meum
908 1253 1111 1285 Aristarch’s
1139 1253 1361 1285 Homerische
1390 1251 1584 1283 Textkritik
1618 1251 1818 1294 inscriptum
1843 1251 1873 1280 ΙΙ

80 1321 112 1352 p.
137 1310 201 1341 588
226 1310 322 1351 sqq.):
347 1311 479 1340 restant
502 1320 587 1350 quae
612 1308 655 1340 ad
678 1305 1017 1349 Pseudophocylidea
1041 1306 1214 1349 pertinent
1239 1307 1281 1338 ab
1306 1305 1422 1337 eodem
1447 1304 1583 1335 librario
1608 1303 1808 1346 conscripta,
1833 1303 1873 1334 de

82 1361 204 1403 quibus
237 1373 326 1394 nunc
360 1361 520 1393 certiores
544 1361 655 1392 facere
679 1361 822 1392 lectores
846 1359 881 1390 in
906 1359 1018 1390 animo
1043 1359 1162 1392 habeo.
1210 1361 1411 1402 Comparate
1437 1358 1526 1390 enim
1551 1357 1666 1389 codice
1693 1356 1875 1388 Mutinensi

81 1425 157 1446 cum
174 1418 340 1458 apparatu
364 1414 491 1454 critico,
515 1413 573 1456 qui
598 1416 650 1445 est
672 1413 708 1444 in
732 1412 880 1445 editione
903 1414 1081 1455 poetarum
1104 1412 1286 1454 lyricorum
1311 1422 1508 1453 graecorum
1534 1422 1552 1441 a
1569 1409 1744 1441 Theodoro
1766 1409 1874 1450 Bergk

80 1467 190 1499 tertiis
215 1467 303 1499 curis
326 1467 502 1506 recensita,
536 1466 652 1498 statim
685 1465 832 1507 cognovi
864 1465 954 1496 hunc:
986 1465 1135 1497 laborem
1160 1465 1298 1496 minime
1322 1464 1452 1495 irritum
1479 1474 1658 1495 evasurum
1682 1473 1764 1501 esse,
1798 1473 1873 1493 cum

80 1531 188 1562 neque
212 1520 399 1552 Immanuel
424 1520 556 1551 Bekker
579 1530 688 1561 neque
712 1519 755 1550 H.
780 1518 891 1558 Nolte,
925 1528 1066 1559 quorum
1100 1529 1203 1561 opera
1228 1518 1344 1559 Bergk
1377 1517 1595 1556 innitebatur,
1631 1514 1787 1547 lectionis
1811 1514 1873 1545 dis-

80 1573 289 1616 crepantiam
322 1583 362 1604 ea
394 1583 460 1613 qua
488 1584 550 1615 par
573 1575 625 1604 est
648 1571 864 1604 enotaverint
887 1570 1076 1613 diligentia.
1124 1571 1233 1608 Quam
1258 1570 1393 1612 quidem
1417 1570 1596 1601 lectionem
1620 1572 1659 1600 ut
1683 1567 1874 1599 accuratius

79 1625 303 1658 describerem
338 1625 504 1668 imprimis
539 1625 727 1657 studebam.
777 1624 848 1656 Nec
888 1635 1048 1656 manuum
1088 1623 1320 1655 diversitatem
1358 1623 1505 1664 neglexi.
1560 1621 1749 1653 Nonnullos
1784 1620 1873 1651 enim

80 1679 266 1721 scripturae
301 1690 381 1711 suae
415 1690 542 1711 errores
577 1677 735 1710 librarius
769 1677 840 1720 ipse
873 1677 1007 1719 quidem
1041 1676 1237 1707 emendavit
1261 1676 1332 1717 (M),
1367 1675 1529 1717 quosdam
1562 1686 1639 1706 mox
1664 1674 1729 1705 alia
1754 1684 1872 1704 manus

79 1731 312 1774 suppeditavit
335 1732 419 1773 (M¹)‚
451 1731 510 1763 sed
539 1732 640 1773 longe
673 1731 838 1774 plurimae
871 1733 1083 1762 correcturae
1116 1732 1195 1761 sunt
1225 1729 1321 1760 scioli
1345 1727 1520 1760 cuiusdam
1544 1726 1741 1759 recentioris
1766 1726 1871 1757 altero

79 1783 373 1825 Theognideorum
398 1784 551 1827 exemplo
575 1784 636 1823 usi,
661 1783 719 1825 qui
742 1783 845 1814 etiam
870 1784 1000 1824 glossas
1024 1782 1150 1813 latinas
1174 1781 1264 1813 inter
1286 1781 1394 1813 lineas
1419 1780 1587 1824 adspersit
1611 1780 1697 1821 (Μῖ),

237 1836 364 1867 Addidi
398 1836 561 1868 lectiones
597 1835 722 1868 codicis
759 1835 908 1867 Palatini
945 1835 1016 1867 sive
1049 1834 1350 1875 Heidelberg-ensis
1384 1845 1434 1875 gr.
1467 1835 1509 1865 43
1532 1834 1593 1875 (H)
1627 1833 1761 1865 sacculo
1786 1832 1872 1863 XIV

79 1888 218 1927 exarati,
249 1899 347 1930 quem
379 1892 457 1931 post
480 1888 520 1920 A.
546 1888 732 1918 Holderum
756 1899 844 1919 anno
881 1888 958 1918 1891
985 1887 1198 1928 Regimontii
1226 1898 1302 1918 cum
1327 1887 1474 1919 editione
1499 1886 1635 1927 Bergkii
1661 1896 1763 1928 supra
1787 1896 1872 1916 corn>

80 1943 263 1972 memorata
287 1940 425 1972 contuli.
472 1940 580 1971 Notas
603 1939 774 1971 adhibitas
799 1939 967 1982 explicavi
991 1939 1026 1970 in
1051 1939 1199 1971 editione
1221 1951 1297 1971 mea
1321 1939 1492 1982 Odysseae
1515 1951 1545 1982 p.
1570 1939 1702 1969 XXIV.

241 1991 431 2025 Φωκυλίδου
465 1991 649 2036 ‹pzzooc'npov
684 1991 823 2035 ποιήσισ
858 1990 1018 2035 ὖφέλιμοσ
1046 1992 1093 2023 sic
1117 1993 1161 2032 Μ,
1195 1991 1403 2025 chonculam·
1427 1991 1562 2036 ποίησις
1587 1987 1750 2034 ὠφέλιμος
1773 1991 1806 2022 Η
1830 2010 1872 2014 —

85 2047 93 2075 1
124 2045 219 2088 δι’κησ
244 2043 351 2089 ὁσίῃσι
372 2046 443 2077 ΜΗ
468 2064 507 2069 ·—
534 2046 553 2076 2
578 2044 780 2089 ([»ωκνλλίδης
800 2045 834 2076 Η
853 2065 891 2067 -
913 2046 1037 2087 (ινδρῶν
1052 2045 1088 2076 Μ
1111 2064 1152 2068 —
1178 2046 1266 2086 δωρα
1283 2045 1318 2076 Μ
1344 2065 1383 2067 -
1409 2046 1428 2075 3
1452 2046 1531 2088 μῆιε
1555 2044 1589 2075 Μ
1615 2063 1655 2066 -
1679 2044 1753 2086 μητ’
1778 2043 1814 2074 M
1832 2063 1871 2066 —

82 2099 100 2129 4
124 2099 204 2141 μῄῑε
227 2099 263 2130 Μ
287 2118 325 2122 —
352 2099 432 2142 μηθ’
457 2100 489 2130 Μ
524 2118 565 2122 -
595 2099 711 2139 αἵμασι
737 2098 771 2129 Η
799 2117 839 2120 -
869 2098 994 2140 χεῖρα]σ
1023 2108 1107 2129 eras.
1132 2098 1168 2128 M
1197 2117 1239 2120 —
1266 2098 1286 2128 5
1309 2111 1353 2141 μη
1380 2099 1410 2129 Μ
1435 2116 1474 2120 —
1500 2097 1601 2129 οσίων
1624 2096 1659 2127 Μ
1684 2115 1724 2119 —
1750 2098 1768 2125 (ἰ
1795 2097 1872 2137 παρ’

80 2153 161 2183 ἑοῖσι
186 2151 223 2182 Μ
249 2171 286 2174 -
314 2152 331 2182 7
360 2152 479 2193 wer-(lea
502 2164 547 2194 μη
573 2152 603 2182 Μ
633 2170 671 2173 -
698 2163 837 2194 erm-rna
861 2150 895 2181 Μ
920 2169 962 2173 ——
992 2151 1010 2181 8
1035 2152 1134 2191 τιμᾶν
1158 2151 1192 2181 Μ
1216 2169 1258 2173 —-
1283 2151 1317 2181 δε
1341 2161 1403 2181 oni.
1429 2149 1472 2189 M,
1498 2149 1572 2182 add.
1598 2149 1660 2189 M²3
1694 2149 1747 2180 zai
1773 2149 1806 2179 H
1841 2168 1869 2171 —·

77 2205 96 2233 9
118 2202 226 2235 πάντα
242 2205 271 2235 Μ
285 2204 319 2235 H
337 2223 375 2227 —
396 2216 500 2245 ιἐμειιν
516 2205 557 2243 Μ,
576 2203 678 2243 νέμων
694 2204 727 2235 Η
751 2223 783 2226 ᾖ
802 2205 898 2247 μηδ’ἰν.
935 2216 986 2236 em
1003 2213 1110 2246 κρισιν
1125 2201 1220 2245 χάριν
1239 2203 1341 2235 ἕλκειν
1360 2202 1435 2245 [sed
1448 2206 1616 2234 extremae
1635 2202 1720 2233 duae
1738 2201 1871 2233 litterae

77 2257 283 2299 expunctae]
309 2257 344 2287 M
369 2276 409 2280 -
433 2257 514 2300 μηδὲ
539 2257 582 2296 Μ,
613 2255 657 2300 μὴ
683 2257 718 2288 δὲ
741 2257 775 2288 Η
798 2276 839 2280 -——
868 2258 906 2287 10
929 2270 973 2300 μη
997 2256 1103 2300 ρι’ψησ
1127 2256 1162 2287 Μ
1186 2275 1228 2279 ——
1251 2269 1295 2299 μη
1319 2256 1354 2287 Μ
1385 2275 1425 2278 -
1455 2253 1538 2298 λάβη
1562 2256 1603 2294 M,
1638 2254 1695 2286 sed
1720 2266 1805 2296 κριιέ
1830 2266 1870 2285 ss,

76 2313 111 2341 et
146 2309 266 2341 iterum
299 2309 355 2341 im.
391 2329 432 2333 -
473 2311 507 2340 ll
546 2308 581 2352 ὴν
604 2309 639 2340 Μ
670 2328 707 2332 -
740 2308 891 2341 ‹lt-adacto
916 2310 951 2341 M
979 2329 1021 2333 —
1049 2309 1085 2341 σὲ
1110 2308 1192 2341 θεὸσ
1215 2309 1258 2349 Μ,
1294 2308 1370 2347 θεὸς
1395 2319 1429 2340 σε
1453 2307 1487 2339 Η
1512 2327 1550 2330 —-
1578 2307 1703 2339 δικάσει
1733 2307 1803 2338 ΜΗ
1828 2326 1868 2328 e

80 2363 118 2393 12
143 2361 256 2394 δίκαια
280 2361 448 2404 βραβεύειν
470 2362 514 2402 Μ,
551 2362 650 2394 δίκαι’
686 2359 848 2404 ἀγορεύειν
870 2363 904 2394 Η
927 2381 970 2385 --
999 2362 1036 2392 13
1061 2360 1248 2405 παρθεσιήν
1272 2361 1306 2392 Μ
1335 2354 1383 2401 (ni
1412 2360 1530 2399 fallor),
1564 2358 1747 2402 παρθενίην
1770 2359 1803 2390 Η
1829 2378 1868 2381 —

79 2426 195 2446 rrwznv
217 2414 253 2445 M
278 2434 315 2437 —
342 2414 375 2447 ἐν
398 2415 473 2447 ΜΗ
495 2426 556 2458 pro
587 2414 644 2447 ἐπὶ
679 2434 718 2438 —
754 2427 836 2447 πασι
863 2415 898 2446 Μ
927 2435 968 2438 -
1006 2416 1043 2446 14
1067 2414 1137 2456 (qui
1172 2425 1191 2445 a
1216 2416 1247 2445 Μ
1281 2413 1435 2456 scriptusv
1470 2423 1536 2444 non
1570 2413 1631 2452 „ab
1665 2412 1731 2444 alia
1767 2423 1867 2449 manu

79 2468 241 2499 insertus“
265 2469 331 2509 est)
357 2468 385 2499 δ’
411 2479 473 2500 om.
498 2468 541 2508 M,
566 2467 641 2500 add.
666 2467 716 2499 Μ2
742 2487 781 2491 -—-
806 2467 863 2500 ἐπὶ
886 2471 1003 2511 μέτρον
1020 2467 1091 2498 ΜΗ
1115 2485 1157 2490 -
1181 2465 1397 2506 ἁπάντωνΜ,
1422 2463 1528 2497 ἅπασι
1552 2466 1581 2496 Η
1605 2484 1646 2488 —
1677 2465 1713 2496 15
1738 2463 1809 2496 ἴσον
1829 2466 1868 2503 Μ,

78 2517 150 2552 ἶσον
173 2520 207 2551 Η
231 2539 272 2544 —-
300 2522 338 2553 16
362 2523 435 2565 μ’μ’
460 2521 504 2561 Μ,
539 2519 612 2565 μήθ
637 2521 670 2552 H
699 2540 734 2544 -—
761 2520 961 2566 ἐπιορκήσησ
986 2520 1066 2551 ΜΗ
1092 2539 1131 2542 --
1155 2518 1230 2563 μήτ’
1266 2517 1408 2561 {rap-050·
1444 2517 1518 2560 [sed
1556 2530 1602 2549 ωσ
1635 2529 1653 2549 a
1680 2518 1725 2549 Μ2
1749 2517 1799 2558 iix}
1824 2517 1870 2550 M.
